@book{angner2016,
  title={A Course in Behavioral Economics 2e},
  author={Angner, Erik},
  year={2016},
  publisher={Palgrave Macmillan}
}

@article{boxtiao1975,
  title={Intervention analysis with applications to economic and environmental problems},
  author={Box, George EP and Tiao, George C},
  journal={Journal of the American Statistical association},
  volume={70},
  number={349},
  pages={70--79},
  year={1975},
  publisher={Taylor \& Francis}
}

@book{cryechan2008,
Author = {Cryer, Jonathan D. and Chan, Kungsik},
ISBN = {9780387759586},
Publisher = {New York : Springer, c2008.},
Series = {Springer texts in statistics},
Title = {Time series analysis : with applications in R.},
Year = {2008}
}

@book{deatmuel1980,
  title={Economics and consumer behavior},
  author={Deaton, Angus and Muellbauer, John},
  year={1980},
  publisher={Cambridge university press}
}

@article{dusansky1980,
  title={Utility function transformations and money illusion: reply and further results},
  author={Dusansky, Richard},
  journal={The American Economic Review},
  volume={70},
  number={4},
  pages={823--825},
  year={1980},
  publisher={JSTOR}
}

@book{eatwetal1989,
Author = {Eatwell, John and Milgate, Murray and Newman, Peter K.},
ISBN = {0393027260},
Publisher = {New York : Norton, 1989.},
Title = {Money : the New Palgrave.},
Year = {1989}
}

@article{fehretal2001,
  title={Does money illusion matter?},
  author={Fehr, Ernst and Tyran, Jean-Robert},
  journal={American Economic Review},
  volume={91},
  number={5},
  pages={1239--1262},
  year={2001}
}

@book{fisher1928,
Author = {Fisher, Irving},
Publisher = {London : George, Allen, and Unwin},
Title = {The money illusion.},
Year = {1928}
}

@article{howipati1980a,
  title={Utility function transformations and money illusion: comment},
  author={Howitt, Peter and Patinkin, Don},
  journal={The American Economic Review},
  volume={70},
  number={4},
  pages={819--822},
  year={1980},
  publisher={JSTOR}
}


@article{howipati1980b,
Author = {Peter Howitt, author and Don Patinkin, author},
ISSN = {00028282},
Journal = {The American Economic Review},
Keywords = {Utility functions, Buying behavior, Finance, Mathematical transformations, Supply and demand, Logical truth, Econometrics, Economic utility, Consumer behavior, Financial economics, Mathematical functions, Aggregate economy, Metalogic, Applied economics, Microeconomics, Behavioral economics, Economic disciplines, Mathematical expressions, Macroeconomics, Logic, Economics, Behavioral sciences, Mathematics, Philosophy},
Number = {4},
Pages = {826},
Title = {Utility Function Transformations and Money Illusion: A Further Comment.},
Year = {1980}
}

@book{kahneman2011,
  title={Thinking, fast and slow},
  author={Kahneman, Daniel},
  year={2011},
  publisher={Macmillan}
}

@article{kooretal2004,
  title={Charity donations and the euro introduction: Some quasi-experimental evidence on money illusion},
  author={Kooreman, Peter and Faber, Riemer P and Hofmans, Heleen MJ},
  journal={Journal of Money, Credit, and Banking},
  volume={36},
  number={6},
  pages={1121--1124},
  year={2004},
  publisher={The Ohio State University Press}
}


@book{schrsuyk2002,
  title={Creation of the euro area: implications for economic statistics},
  author={Schreyer, Paul and Suyker, WBC},
  year={2002},
  publisher={Organisation for Economic Co-operation and Development}
}

@article{shafetal1997,
  title={Money illusion},
  author={Shafir, Eldar and Diamond, Peter and Tversky, Amos},
  journal={The Quarterly Journal of Economics},
  volume={112},
  number={2},
  pages={341--374},
  year={1997},
  publisher={MIT Press}
}




